<?xml version="1.0" encoding="UTF-8"?>
<collection xmlns:xsi="http://www.w3.org/2001/XMLSchema-instance" xsi:schemaLocation="http://www.loc.gov/MARC21/slim http://www.loc.gov/standards/marcxml/schema/MARC21slim.xsd" xmlns="http://www.loc.gov/MARC21/slim">
<record>
  <leader>00927nam a22002291  4500</leader>
  <controlfield tag="001">3063331</controlfield>
  <controlfield tag="003">NNC</controlfield>
  <controlfield tag="005">20030429142358.0</controlfield>
  <controlfield tag="008">010810s1948    sy h          000 0 ara d</controlfield>
  <datafield tag="035" ind1=" " ind2=" ">
    <subfield code="a">(OCoLC)ocm47758161</subfield>
  </datafield>
  <datafield tag="035" ind1=" " ind2=" ">
    <subfield code="9">ATN5132CU</subfield>
  </datafield>
  <datafield tag="040" ind1=" " ind2=" ">
    <subfield code="a">ZCU</subfield>
    <subfield code="c">ZCU</subfield>
  </datafield>
  <datafield tag="099" ind1=" " ind2=" ">
    <subfield code="a">893.7991</subfield>
    <subfield code="a">Ab91</subfield>
  </datafield>
  <datafield tag="100" ind1="1" ind2=" ">
    <subfield code="a">Wazīr al-Maghribī, al-Ḥusayn ibn ʻAlī,</subfield>
    <subfield code="d">981-1027.</subfield>
  </datafield>
  <datafield tag="245" ind1="1" ind2="0">
    <subfield code="a">Kitāb fī al-Siyāsah,</subfield>
    <subfield code="c">taʾlīf al-wazīr al-kāmil Abī al-Qāsim al-Ḥusayn ibn ʻAlī al-Maghribī, ʻuniya binashrihī wataḥqīqihī wata ʻlīq ḥawāshīhi Samī al-Dahhān.</subfield>
  </datafield>
  <datafield tag="260" ind1=" " ind2=" ">
    <subfield code="a">Dimashq,</subfield>
    <subfield code="c">1367, 1948.</subfield>
  </datafield>
  <datafield tag="300" ind1=" " ind2=" ">
    <subfield code="a">140 p.</subfield>
    <subfield code="b">facsims.</subfield>
  </datafield>
  <datafield tag="500" ind1=" " ind2=" ">
    <subfield code="a">Added t.-p. in French: Sami Dahan. De l'éthique, par al-Wazir Abū-l-Qasim al-Maghribi.</subfield>
  </datafield>
  <datafield tag="500" ind1=" " ind2=" ">
    <subfield code="a">At head of title:</subfield>
    <subfield code="a">al-Maʻhad al-Firansī bi-Dimashq lil-Dirāsāt al-ʻArabīyah</subfield>
  </datafield>
  <datafield tag="730" ind1="0" ind2=" ">
    <subfield code="a">Texte arable.</subfield>
  </datafield>
  <datafield tag="740" ind1="0" ind2=" ">
    <subfield code="a">De l'ʹethique.</subfield>
  </datafield>
  <datafield tag="955" ind1=" " ind2=" ">
    <subfield code="b">CU58846964</subfield>
    <subfield code="d">off,glx</subfield>
    <subfield code="e">893.7991 Ab91</subfield>
  </datafield>
</record>
</collection>